%% This BibTeX bibliography file was created using BibDesk.
%% http://bibdesk.sourceforge.net/


%% Created for Ernesto Costa at 2010-05-22 12:55:37 +0100 


%% Saved with string encoding Unicode (UTF-8) 



@book{mg2004,
	Author = {Frank Mittelbach and Michel Goossens},
	Date-Added = {2010-05-22 12:54:38 +0100},
	Date-Modified = {2010-05-22 12:55:37 +0100},
	Publisher = {Addison Wesley},
	Title = {The Latex Companion (2nd Edition)},
	Year = {2004}}

@book{deal2010,
	Author = {Hilary Glasman-Deal},
	Date-Added = {2010-05-22 12:11:49 +0100},
	Date-Modified = {2010-05-22 12:13:07 +0100},
	Publisher = {Imperial College Press},
	Title = {Science Research Writing: for non-native speakers of English},
	Year = {2010}}

@book{davis1997,
	Author = {Martha Davis},
	Date-Added = {2010-05-22 12:10:53 +0100},
	Date-Modified = {2010-05-22 12:11:44 +0100},
	Publisher = {Academic Press},
	Title = {Scientific papers and presentations},
	Year = {1997}}

@book{murray2007,
	Author = {Rowena Murray},
	Date-Added = {2010-05-22 12:09:46 +0100},
	Date-Modified = {2010-05-22 12:13:07 +0100},
	Publisher = {Open University Press},
	Title = {How to write a thesis},
	Year = {2007}}
